<collection xmlns="http://www.loc.gov/MARC21/slim">
<record>
  <leader>00544na 0a22001211i 450 </leader>
  <controlfield tag="001">IT\ICCU\CNCE\073520</controlfield>
  <controlfield tag="005">20081031000000.0</controlfield>
  <datafield tag="100" ind1=" " ind2=" ">
    <subfield code="a">20081031             0itac0103    ba</subfield>
  </datafield>
  <datafield tag="101" ind1=" " ind2=" ">
    <subfield code="a">ITA</subfield>
  </datafield>
  <datafield tag="200" ind1="1" ind2=" ">
    <subfield code="a">Il terzo libro di Sabastiano Serlio bolognese, nel qual si figurano e descriuono le antiquit ̉di Roma, e le altre che sono in Italia, e fuori d&apos;Italia. Con noue additioni, come ne la tauola appare</subfield>
  </datafield>
  <datafield tag="700" ind1=" " ind2="1">
    <subfield code="a">Serlio,</subfield>
    <subfield code="b">Sebastiano</subfield>
    <subfield code="3">IT\ICCU\CNCA\008601</subfield>
  </datafield>
  <datafield tag="790" ind1=" " ind2="1">
    <subfield code="a">Serlius,</subfield>
    <subfield code="b">Sebastianus</subfield>
    <subfield code="3">IT\ICCU\CNCA\025766</subfield>
    <subfield code="z">Serlio, Sebastiano</subfield>
  </datafield>
  <datafield tag="801" ind1=" " ind2="3">
    <subfield code="a">IT</subfield>
    <subfield code="b">ICCU</subfield>
    <subfield code="c">20201115</subfield>
  </datafield>
</record>
</collection>
